<record xmlns="http://www.openarchives.org/OAI/2.0/" xmlns:xsi="http://www.w3.org/2001/XMLSchema-instance"><header><identifier>oai:alma.34CSIC_INST:990012275290204201</identifier><datestamp>2020-02-06T08:41:03Z</datestamp><setSpec>manuscripta</setSpec></header><metadata><record xmlns="http://www.loc.gov/MARC21/slim" xmlns:xsi="http://www.w3.org/2001/XMLSchema-instance" xsi:schemaLocation="http://www.loc.gov/MARC21/slim http://www.loc.gov/standards/marcxml/schema/MARC21slim.xsd"><leader>21452ntm a2200913 i 4500</leader><controlfield tag="005">20181031100343.0</controlfield><controlfield tag="008">100330q1400    sp            000 0 ara d</controlfield><controlfield tag="001">990012275290204201</controlfield><datafield tag="035" ind1=" " ind2=" "><subfield code="a">CSIC001227529</subfield></datafield><datafield tag="035" ind1=" " ind2=" "><subfield code="a">(ES-MaCSI)001227529MAD01-Aleph</subfield></datafield><datafield tag="035" ind1=" " ind2=" "><subfield code="a">(OCoLC)1123511744
</subfield></datafield><datafield tag="040" ind1=" " ind2=" "><subfield code="a">ES-MaCSI</subfield><subfield code="b">spa</subfield></datafield><datafield tag="080" ind1=" " ind2=" "><subfield code="a">091(=411.21)</subfield></datafield><datafield tag="080" ind1=" " ind2=" "><subfield code="a">28</subfield></datafield><datafield tag="080" ind1=" " ind2=" "><subfield code="a">398.91=411.21</subfield></datafield><datafield tag="245" ind1="1" ind2="0"><subfield code="a">[Misceláneo de religión]</subfield><subfield code="h">[Manuscrito]</subfield></datafield><datafield tag="260" ind1=" " ind2=" "><subfield code="a">[S.l.],</subfield><subfield code="c">[Año 88].</subfield></datafield><datafield tag="300" ind1=" " ind2=" "><subfield code="a">136 f. escritos, excepto el folio 35, y uno de guardas en blanco (20 lín. hasta el folio 34; y 15 lín. hasta el fin) ;</subfield><subfield code="c">0,22 X 0,15 hasta el folio 34; 0,21 X 0,15 desde el 35 al 64; y 0,21 X 0,14 desde el 65 hasta el fin.</subfield></datafield><datafield tag="490" ind1="0" ind2=" "><subfield code="a">Manuscripta</subfield></datafield><datafield tag="500" ind1=" " ind2=" "><subfield code="a">Reclamos: No.</subfield></datafield><datafield tag="500" ind1=" " ind2=" "><subfield code="a">Signatura de cuaderno: No.</subfield></datafield><datafield tag="500" ind1=" " ind2=" "><subfield code="a">Características especiales: No.</subfield></datafield><datafield tag="500" ind1=" " ind2=" "><subfield code="a">Ilustración: f. 136v: dibujo de animal imagnario, con garras, pico y cuerpo de félido.</subfield></datafield><datafield tag="500" ind1=" " ind2=" "><subfield code="a">Ilustraciones: No.</subfield></datafield><datafield tag="500" ind1=" " ind2=" "><subfield code="a">H. en blanco: No.</subfield></datafield><datafield tag="500" ind1=" " ind2=" "><subfield code="a">H faltan o añadidas: No.</subfield></datafield><datafield tag="500" ind1=" " ind2=" "><subfield code="a">Son tres tratados diferentes sobre materia religiosa.</subfield></datafield><datafield tag="500" ind1=" " ind2=" "><subfield code="a">Signatura antigua: Junta 20</subfield></datafield><datafield tag="501" ind1=" " ind2=" "><subfield code="a">[Tratado primero]</subfield></datafield><datafield tag="501" ind1=" " ind2=" "><subfield code="a">[Ms. sin tít. / sin aut.]. -- [S.l., s.a.]. -- 34 ff. de 136 (1 col. 18-20 líneas por pág.) : Papel tratado , 22x15 cm. (caja: 15,5x9,5 cm.).</subfield></datafield><datafield tag="501" ind1=" " ind2=" "><subfield code="a">[cont. Tratado primero]:</subfield></datafield><datafield tag="501" ind1=" " ind2=" "><subfield code="a">Incipit: [بسملة وتصلية] خُطْبَة لِعيدِ الفِطرِ حَسَنَةٌ اللهُ اكْبَرُ اللهُ اكْبَرُ اللهُ اكْبَرُ اللهُ اكْبَرُ اللهُ اكْبَرُ اللهُ اكْبَرُ اللهُ اكْبَرُ اُكَبِرُ اللهَ تَكْبِيرًا والْحمدُ للهِ كَثِيرًا وَسَبْحَانَ الله بُكْرَةً وَاَصِيلاً اُكَبِرُ اللهَ تَكْبِيرًا واَحْمَدُهُ كَثِيرًا وَكَفَىَ بهِ هَادِيًا وَنَصِيرًا سُبْحَانَهُ هُوَ اَكْبَرُ مَنْ كَبَّرَهُ الْمُكَبِرُنَ</subfield></datafield><datafield tag="501" ind1=" " ind2=" "><subfield code="a">Explicit: وَبشرِ المُحَسِنِين هو الحيٌ لا اله الا هو فادعوه مخلِصين له الدين الحمد لله رب العالمين.</subfield></datafield><datafield tag="501" ind1=" " ind2=" "><subfield code="a">[cont. Tratado primero]:</subfield></datafield><datafield tag="501" ind1=" " ind2=" "><subfield code="a">Tinta negra. -- Un copista desconocido. -- Colofón: No. -- Tipo de cuaderno: 3 de 6 bifolios. -- Deterioros generales: Escasos. Texto muy bien conservado. -- H. dañadas, mutiladas, sueltas: Todos los cuadernos sueltos. -- Foliación: 1-34: a lápiz en el margen superior derecho del verso. -- Pautado: No se aprecia. Distancia interlineal muy regular: 0,8-0,9 cm. -- Filigrana: Bifolio 24-34: serpiente, similar a Briquet, nº 13758. -- Signatura antigua: Sello azul y blanco pegado con nº 20 en hoja de guarda. -- Anotaciones: -Alguna nota marginal contemporánea a la copia. -Hoja de guarda: anotaciones. -f. 65: ensayos de caligrafía en árabe. -f. 136v: anotaciones árabes y aljamiadas. -f. 166r: nota en árabe en tinta roja. -Pedazo de papel suelto escrito en árabe . -En el canto superior: “Kitāb al-anwār al-saniyya”</subfield></datafield><datafield tag="501" ind1=" " ind2=" "><subfield code="a">[Segundo tratado]:</subfield></datafield><datafield tag="501" ind1=" " ind2=" "><subfield code="a">[Misceláneo de religión] / [Sin aut.]. -- [S.l., s.a.]. -- 30 ff. de 136 (1 col. 13-14 líneas por pág.) : Papel tratado, 21x15 cm. (caja: 15,5x10,2 cm.).</subfield></datafield><datafield tag="501" ind1=" " ind2=" "><subfield code="a">[cont. Segundo tratado]:</subfield></datafield><datafield tag="501" ind1=" " ind2=" "><subfield code="a">Incipit: اعوذ بالله من الشيطان الرحيم بسم الله الرحمن الرحيم وصلى الله على سيدنا ومولنا محمد الكريم واله وسلم تسليما شَارَ لَبَّارَاشانْتَا تَامَه شِكَارَّ الله عَزّ وَجَلَّ</subfield></datafield><datafield tag="501" ind1=" " ind2=" "><subfield code="a">Explicit: اِذ َابْدُشْ اِتُدُ اَكَاشْتُه بٌرْ اَكَتَسِيوُنْ اِمَامُرِيَة اِبَّلَزَاز ذ َا نُوَاشُه النَّبِي محمَّد صلَّى الله عليه وسلم.</subfield></datafield><datafield tag="501" ind1=" " ind2=" "><subfield code="a">[cont. Segundo tratado]:</subfield></datafield><datafield tag="501" ind1=" " ind2=" "><subfield code="a">Tinta negra. -- Un copista desconocido. -- Colofón: No. -- Tipo de cuaderno: 1 de 7 bifolios y uno de 8 bifolios. -- Deterioros generales: Gran parte mutilado por fuego, alguna mancha de humedad y galerías. -- H. dañadas, mutiladas, sueltas: Dañadas: 57-64. Mutiladas: 35-43: mutiladas en el margen lateral externo, afectando al texto en muchas de ellas. Sueltas: los dos cuadernos sueltos. -- Foliación: 36-65: a lápiz en el margen superior derecho del verso. -- Pautado: No se aprecia. Distancia interlineal 1-1,3 cm. -- Filigrana: Bifolios 49-64, 50-63, 52-61: pájaro rodeado por un círculo, similar a Briquet nº 12215. -Bifolio 55-58: serpiente, similar a Briquet nº 13756. -Bifolio 56-57: cabeza de buey, similar a Briquet nº 14990. -- Signatura antigua: Sello azul y blanco pegado con nº 20 en hoja de guarda. -- Anotaciones: -Alguna nota marginal contemporánea a la copia. -Hoja de guarda: anotaciones. -f. 65: ensayos de caligrafía en árabe. -f. 136v: anotaciones árabes y aljamiadas. -f. 166r: tinta roja: وسبحان الله والحمد لله والله اكبر والله اكبر ولا اله الا الله محمد رسول الله -Pedazo de papel suelto escrito en árabe . -En el canto superior: “Kitāb al-anwār al-saniyya” -f.64-v: fragmento titulado: حكاية في ترك الصلاة</subfield></datafield><datafield tag="501" ind1=" " ind2=" "><subfield code="a">[Tercer tratado]:</subfield></datafield><datafield tag="501" ind1=" " ind2=" "><subfield code="a">[Misceláneo de religión] .كتاب الانوار السنية في الالفَاط السنية من كتاب المُصطفَى. Kitāb al-anwār al-saniyya fī al-alfāṭ al-sunniyya min kitāb al-muṣṭafà. [al-anwār as-sanīya fiʽ l-alfaẓ as-sunnīya] /اَبُو اَلْقَاسِمِ مُحَمَّدُ بْنُ أَحْمَدُ جُزَيْءِ الكَلْبِيٌ .Abū-l-Qāsim Muḥammad bin Aḥmad Ŷuzayʼ al-Kalbī. -- [S.l.], Año 88 (sic). -- 71 ff. de 136 (1 col. 15 líneas por pág.) : Papel tratado, 21x14 cm. (caja: 15x9,5 cm.).</subfield></datafield><datafield tag="501" ind1=" " ind2=" "><subfield code="a">[cont.Tercer tratado]:</subfield></datafield><datafield tag="501" ind1=" " ind2=" "><subfield code="a">Incipit: [بسملة وتسلية] قَالَ اَبُو الْقَاسِمِ مُحَمَّد بْنُ أَحْمَدُ بْنُ جُزَيْءِ الكَلْبِيٌ رَحْمَهُ اللهُ وَرَضِيَ عَنْهُ الحَمْدُ للهِ ذِي اِلْحَلاَلِ والإِكْرَام العَظِيم الفَضْلِ العَصِيمِ الانُعَامِ الذِي بَعَثَ مُحَمَّدًا صَلَّى الل عَلَيْهِ وَسَلَم بدين</subfield></datafield><datafield tag="501" ind1=" " ind2=" "><subfield code="a">Explicit: وَبِكَ أَمَنْتُ وعَلَيُكَ تَوَكَلْتُ وَاِلَيُكَ انْبَتُ وبِكَ خَلَصَمْتُ وإِلَيْكَ حَاكَمْتُ فَاغَفِرَ لي مَا قَدَمْتُ وَاَخَرْتُ واسْرَرتُ واعْلَنْتُ اَنْتَ إلَهِي لاَ إِلَه إلّاَ اَنْتَ [...].</subfield></datafield><datafield tag="501" ind1=" " ind2=" "><subfield code="a">[cont.Tercer tratado]:</subfield></datafield><datafield tag="501" ind1=" " ind2=" "><subfield code="a">Tinta negra, roja y verde. -- Copista:ابو عثمان سعد بن علي الاهندي. Abū ʽUṯman Saʽad b. ʽAlī al-Ahandī.</subfield></datafield><datafield tag="501" ind1=" " ind2=" "><subfield code="a">[cont.Tercer tratado]:</subfield></datafield><datafield tag="501" ind1=" " ind2=" "><subfield code="a">Colofón:تَم كتاب الانوار السنية في الالفَاط السنية من كتاب المُصطفَى صلى الله عليه وسلم على يدي الحمد لله المكرم لارفع ابا عثمان سعد بن علي الاهندي لطف الله به وذالك في عام 88 فرحم الله كاتبه وكاسبه وقاريه وكل من وحد به [...] والحمد لله رب العلمين وصلى الله على محمد واله.</subfield></datafield><datafield tag="501" ind1=" " ind2=" "><subfield code="a">[cont.Tercer tratado]:</subfield></datafield><datafield tag="501" ind1=" " ind2=" "><subfield code="a">Tipo de cuaderno: 5 de 6 bifolios y uno de 5 bifolios, además de un folio suelto. -- Deterioros generales: Escasos. Texto muy bien conservado. -- H. dañadas, mutiladas, sueltas: Mutiladas: 119 y 130, en el margen inferior, sin afectar al texto. Suelta: 76. -- Foliación: 66-136. A lápiz en el margen superior derecho del verso. -- Pautado: No se aprecia. Distancia interlineal muy regular: 1,1 cm. -- Filigrana: Bifolios 66-75, 67-74, 68-73, 70-71, 77-88, 79-86, 81-84, 89-100, 92-97, 93-96, 94-95, 101-112, 103-110, 106-107, 114,-123, 115-122, 118-119: castillo de tres torres, con un águila en la del medio con las alas desplegadas. -Bifolios 125-136, 127-134, 130-131: mano con flor (similar a Briquet, nº 11154). -- Signatura antigua: Sello azul y blanco pegado con nº 20 en hoja de guarda. En f. 108, anotaciones en aljamiado y castellano. -- Anotaciones: Alguna nota marginal contemporánea a la copia. -Hoja de guarda: anotaciones. -f. 65: ensayos de caligrafía en árabe. -f. 136v: anotaciones árabes y aljamiadas. -f. 166r: nota en árabe en tinta roja. -Pedazo de papel suelto escrito en árabe . -En el canto superior: “Kitāb al-anwār al-saniyya”</subfield></datafield><datafield tag="510" ind1="3" ind2=" "><subfield code="a">Descripción y Bibliografía: J. Ribera y M. Asín (dirs.), Manuscritos árabes y aljamiados de la biblioteca de la Junta: noticia y extractos, Madrid: Junta para la ampliación de Estudios e Investigaciones Científicas, 1912, 93-94.</subfield></datafield><datafield tag="520" ind1="2" ind2=" "><subfield code="a">[Primer tratado]: Cuatro sermones (jutba) rimados: -Juṭba ʽīd al-fiṭr (f.1v) -Juṭba ujrà li-ʽīd al-fiṭr (f.7r) -Juṭba ṭānya li-l-ʽīdīn (f.21v) -Juṭba ujrà li-ʽīd al-aḍḥà (f.24v)</subfield></datafield><datafield tag="520" ind1="2" ind2=" "><subfield code="a">[Segundo tratado]: Tratado sobre la oración en aljamiado en forma de glosa al texto árabe de las oraciones.</subfield></datafield><datafield tag="520" ind1="2" ind2=" "><subfield code="a">[Tercer tratado]: Compilación de hadices titulado al-anwār as-sanīya fiʽ l-alfaẓ as-sunnīya, de M. b. A. b. M. b. ʽAl. b. Ya. al-Kalbī al-Garnāṭī a. ʼl-Q. a. ʽAl. b. Guzaiy (GAL, II, 342).</subfield></datafield><datafield tag="530" ind1=" " ind2=" "><subfield code="a">Mª del P. Martínez Olmo, Colección de manuscritos árabes y aljamiados de la Biblioteca del Instituto de Filología del CSIC, Instituto de Filología CSIC, Madrid, 1998 (4 Cd-Rom), CD 2. -Instituto Miguel Asín de Estudios Arabes, Colección de manuscritos árabes y aljamiados, Microforma, Madrid: 1983-84, 25 rollos, Ms. 18 a 20</subfield></datafield><datafield tag="541" ind1=" " ind2=" "><subfield code="a">Procedencia: Almonacid de la Sierra. Pablo Gil. Sección Árabe Centro de Estudios Históricos (JAE). Escuela de Estudios Árabes de Madrid. Instituto de Filología, CSIC</subfield><subfield code="d">Ingreso: Junio de 1910.</subfield></datafield><datafield tag="546" ind1=" " ind2=" "><subfield code="a">Árabe</subfield><subfield code="b">con escritura magrebí (1 y 3)</subfield></datafield><datafield tag="546" ind1=" " ind2=" "><subfield code="a">Aljamiado y Árabe</subfield><subfield code="b">con escritura magrebí (2)</subfield></datafield><datafield tag="563" ind1=" " ind2=" "><subfield code="a">En piel de la época, muy deteriorada, con tela en el interior, tapas sueltas.</subfield></datafield><datafield tag="595" ind1=" " ind2=" "><subfield code="a">No.</subfield></datafield><datafield tag="650" ind1=" " ind2="7"><subfield code="a">Manuscritos árabes.</subfield><subfield code="2">CSICAU</subfield></datafield><datafield tag="650" ind1=" " ind2="7"><subfield code="a">Manuscritos aljamiados.</subfield><subfield code="2">CSICAU</subfield></datafield><datafield tag="650" ind1=" " ind2="7"><subfield code="a">Islam.</subfield><subfield code="2">CSICAU</subfield></datafield><datafield tag="650" ind1=" " ind2="7"><subfield code="a">Jutba</subfield><subfield code="2">CSICAU</subfield></datafield><datafield tag="650" ind1=" " ind2="7"><subfield code="a">ʽīd al-fiṭr.</subfield><subfield code="2">CSICAU</subfield></datafield><datafield tag="650" ind1=" " ind2="7"><subfield code="a">ʽīd al-aḍḥà.</subfield><subfield code="2">CSICAU</subfield></datafield><datafield tag="650" ind1=" " ind2="7"><subfield code="a">Refranes y proverbios árabes.</subfield><subfield code="2">CSICAU</subfield></datafield><datafield tag="700" ind1="1" ind2=" "><subfield code="a">اَبُو اَلْقَاسِمِ مُحَمَّدُ بْنُ أَحْمَدُ جُزَيْءِ الكَلْبِيٌ</subfield></datafield><datafield tag="700" ind1="1" ind2=" "><subfield code="a">Abū-l-Qāsim Muḥammad bin Aḥmad Ŷuzayʼ al-Kalbī</subfield><subfield code="e">copista</subfield></datafield><datafield tag="700" ind1="1" ind2=" "><subfield code="a">Abū ʽUṯman Saʽad b. ʽAlī al-Ahandī</subfield><subfield code="e">copista</subfield></datafield><datafield tag="740" ind1="0" ind2=" "><subfield code="a">كتاب الانوار السنية في الالفَاط السنية من كتاب المُصطفَى</subfield></datafield><datafield tag="740" ind1="0" ind2=" "><subfield code="a">Kitāb al-anwār al-saniyya fī al-alfāṭ al-sunniyya min kitāb al-muṣṭafà</subfield></datafield><datafield tag="740" ind1="0" ind2=" "><subfield code="a">[al-anwār as-sanīya fiʽ l-alfaẓ as-sunnīya]</subfield></datafield><datafield tag="830" ind1=" " ind2="0"><subfield code="a">Manuscripta</subfield></datafield><datafield tag="856" ind1="4" ind2="1"><subfield code="u">http://aleph.csic.es/imagenes/mad01/0006_PMSC/P_001227529_650929_V00.pdf</subfield><subfield code="z">Descargar Pdf completo (24M)</subfield><subfield code="m">CSIC</subfield></datafield><datafield tag="856" ind1="4" ind2="1"><subfield code="u">http://simurg.bibliotecas.csic.es/viewer/image/CSIC001227529/1/</subfield><subfield code="z">Ver texto completo en SIMURG, el portal de fondos digitalizados del CSIC</subfield><subfield code="m">CSIC</subfield></datafield><datafield tag="856" ind1="4" ind2="1"><subfield code="u">http://aleph.csic.es/imagenes/mad01/0006_PMSC/html/001227529.html</subfield><subfield code="z">Ver texto completo en Bookreader</subfield></datafield></record></metadata></record>